%% This BibTeX bibliography file was created using BibDesk.
%% http://bibdesk.sourceforge.net/


%% Created for Hugues Talbot at 2017-01-23 04:02:23 +0100 


%% Saved with string encoding Unicode (UTF-8) 

@string{pami = "IEEE T. Pattern Anal. Mach. Intell."}


@book{najman-talbot-Wiley-2010,
	Address = {London, UK},
	Date-Added = {2017-01-23 03:02:21 +0000},
	Date-Modified = {2017-01-23 03:02:21 +0000},
	Editor = {Najman, L. and Talbot, H.},
	Isbn = {9781848212152},
	Month = {September},
	Note = {ISBN 978-1848212152},
	Publisher = {ISTE-Wiley},
	Title = {Mathematical Morphology: from theory to applications},
	Year = {2010}}

@article{olea1974optimal,
	Author = {Olea, Ricardo A},
	Date-Added = {2017-01-23 02:35:24 +0000},
	Date-Modified = {2017-01-23 02:35:24 +0000},
	Journal = {Journal of Geophysical Research},
	Number = {5},
	Pages = {695--702},
	Publisher = {Wiley Online Library},
	Title = {Optimal contour mapping using universal kriging},
	Volume = {79},
	Year = {1974}}

@incollection{Bertrand:TrTopDisc:2007,
	Author = {G. Bertrand and M. Couprie},
	Booktitle = {G{\'e}om{\'e}trie discr{\`e}te et images num{\'e}riques},
	Date-Added = {2017-01-23 02:06:29 +0000},
	Date-Modified = {2017-01-23 02:07:28 +0000},
	Editor = {D. Coeurjolly and A. Montanvert and J.M. Chassery},
	Pages = {187-209},
	Publisher = {Herm{\`e}s},
	Title = {Transformations topologiques discretes},
	Year = {2007}}

@article{MeijsterWilkinson2002,
	Author = {Meijster, A. and Wilkinson, H.F.},
	Date-Added = {2017-01-20 09:24:17 +0000},
	Date-Modified = {2017-01-20 09:24:17 +0000},
	Journal = pami,
	Month = {April},
	Number = {4},
	Pages = {484-494},
	Title = {A comparison of algorithms for connected set openings and closings},
	Volume = {24},
	Year = {2002}}

@incollection{geraud-etal-algorithms-en-2010,
	Author = {G\'{e}raud, Thierry and Talbot, Hugues and Vandroogenbroeck, Marc},
	Booktitle = {Mathematical morphology, from theory to applications},
	Chapter = {12},
	Crossref = {najman-talbot-Wiley-2010},
	Date-Added = {2017-01-20 09:21:34 +0000},
	Date-Modified = {2017-01-23 03:00:41 +0000},
	Pages = {323--354},
	Publisher = {Wiley},
	Title = {Algorithms for mathematical morphology},
	Year = {2011}}

@article{vincent1993morphological,
	Author = {Vincent, L.},
	Date-Added = {2017-01-20 09:21:10 +0000},
	Date-Modified = {2017-01-20 09:21:10 +0000},
	Journal = {Image Processing, IEEE Transactions on},
	Number = {2},
	Pages = {176--201},
	Publisher = {IEEE},
	Title = {Morphological grayscale reconstruction in image analysis: Applications and efficient algorithms},
	Volume = {2},
	Year = {1993}}

@inproceedings{LVareaopen,
	Address = {Barcelona, Spain},
	Author = {Vincent, L.},
	Booktitle = {Proceedings of the conference on mathematical morphology and its applications to signal processing},
	Date-Added = {2017-01-20 09:21:03 +0000},
	Date-Modified = {2017-01-20 09:21:03 +0000},
	Month = May,
	Pages = {22-27},
	Title = {Grayscale area openings and closings, their efficient implementation and applications},
	Year = {1993}}

@misc{trackpy-2016,
        Author="Daniel Allan and others",
	Annote = {https://doi.org/10.5281/zenodo.60550},
	Apple-Mobile-Web-App-Capable = {yes},
	Date-Added = {2017-01-20 08:41:46 +0000},
	Date-Modified = {2017-01-20 08:43:59 +0000},
	Doi = {10.5281/zenodo.60550},
	Title = {Trackpy: Fast, Flexible Particle-Tracking Toolkit},
	Url = {http://soft-matter.github.io/trackpy},
	Viewport = {width=device-width, initial-scale=1.0, maximum-scale=1},
	Bdsk-Url-1 = {http://soft-matter.github.io/trackpy}}

@article{gaber2014optical,
	Author = {Gaber, Noha and Malak, Maurine and Marty, Fr{\'e}d{\'e}ric and Angelescu, Dan E and Richalot, Elodie and Bourouina, Tarik},
	Date-Added = {2017-01-20 08:34:31 +0000},
	Date-Modified = {2017-01-20 08:34:31 +0000},
	Journal = {Lab on a chip},
	Number = {13},
	Pages = {2259--2265},
	Publisher = {Royal Society of Chemistry},
	Title = {Optical trapping and binding of particles in an optofluidic stable Fabry--P{\'e}rot resonator with single-sided injection},
	Volume = {14},
	Year = {2014}}

@book{matheron1971theory,
	Author = {Matheron, Georges},
	Date-Added = {2017-01-20 01:57:57 +0000},
	Date-Modified = {2017-01-20 01:57:57 +0000},
	Publisher = {{\'E}cole national sup{\'e}rieure des mines},
	Title = {The theory of regionalized variables and its applications},
	Volume = {5},
	Year = {1971}}

@article{park2005temperature,
	Author = {Park, JS and Choi, CK and Kihm, KD},
	Date-Added = {2017-01-19 23:06:42 +0000},
	Date-Modified = {2017-01-19 23:06:42 +0000},
	Journal = {Measurement Science and Technology},
	Number = {7},
	Pages = {1418},
	Publisher = {IOP Publishing},
	Title = {Temperature measurement for a nanoparticle suspension by detecting the Brownian motion using optical serial sectioning microscopy (OSSM)},
	Volume = {16},
	Year = {2005}}

@article{Geman:1984qy,
	Author = {S. Geman and D. Geman},
	Date-Added = {2017-01-19 02:17:53 +0000},
	Date-Modified = {2017-01-19 02:17:53 +0000},
	Journal = pami,
	Pages = {721-741},
	Title = {Stochastic relaxation, Gibbs distributions, and the Bayesian restoration of images},
	Volume = {6},
	Year = {1984}}

@misc{Nordlund:RWSim:2006,
	Author = {Kai Nordlund},
	Date-Added = {2017-01-19 00:46:50 +0000},
	Date-Modified = {2017-01-19 02:17:16 +0000},
	Lastchecked = {2017},
	Title = {Basics of Monte Carlo simulations},
	Url = {http://www.acclab.helsinki.fi/~knordlun/mc/mc7nc.pdf},
	Urldate = {2006},
	Bdsk-Url-1 = {http://www.acclab.helsinki.fi/~knordlun/mc/mc7nc.pdf}}

@article{Polya:RW:1921,
	Author = {G. P{\'o}lya},
	Date-Added = {2017-01-18 08:14:49 +0000},
	Date-Modified = {2017-01-18 08:14:58 +0000},
	Journal = {Math. Ann.},
	Pages = {149--160},
	Title = {{\"U}ber eine aufgabe betreffend die irrfahrt im strassennetz},
	Volume = {84},
	Year = {1921}}

@article{Donsker:WienerProc:1951,
	Author = {Donsker, M.D.},
	Date-Added = {2017-01-18 02:36:38 +0000},
	Date-Modified = {2017-01-18 02:36:55 +0000},
	Journal = {Memoirs of the American Mathematical Society},
	Title = {An invariance principle for certain probability limit theorems},
	Volume = {6},
	Year = {1951}}

@article{Metropolis:EqState:1953,
	Author = {Metropolis, Nicholas and Rosenbluth, Arianna W and Rosenbluth, Marshall N and Teller, Augusta H and Teller, Edward},
	Date-Added = {2017-01-18 01:35:43 +0000},
	Date-Modified = {2017-01-18 01:36:07 +0000},
	Journal = {The journal of chemical physics},
	Number = {6},
	Pages = {1087--1092},
	Publisher = {AIP Publishing},
	Title = {Equation of state calculations by fast computing machines},
	Volume = {21},
	Year = {1953}}

@article{Hastings:MCMC:1970,
	Author = {Hastings, W.K.},
	Date-Added = {2017-01-18 01:29:19 +0000},
	Date-Modified = {2017-01-18 01:29:29 +0000},
	Journal = {Biometrika},
	Number = {1},
	Pages = {97-109},
	Title = {Monte Carlo Sampling Methods Using Markov Chains and Their Applications},
	Volume = {57},
	Year = {1970}}

@article{bertsimas2004solving,
	Author = {Bertsimas, Dimitris and Vempala, Santosh},
	Date-Added = {2017-01-17 20:54:03 +0000},
	Date-Modified = {2017-01-17 20:54:03 +0000},
	Journal = {Journal of the ACM (JACM)},
	Number = {4},
	Pages = {540--556},
	Publisher = {ACM},
	Title = {Solving convex programs by random walks},
	Volume = {51},
	Year = {2004}}

@article{grady2006random,
	Author = {Leo Grady},
	Date-Added = {2017-01-17 20:47:33 +0000},
	Date-Modified = {2017-01-17 20:47:33 +0000},
	Journal = pami,
	Number = 11,
	Pages = {1768--1783},
	Title = {Random Walks for Image Segmentation},
	Volume = 28,
	Year = 2006}

@book{PGDG:Polymers:1979,
	Address = {Ithaca and London},
	Author = {De Gennes, P. G.},
	Date-Added = {2017-01-17 20:45:55 +0000},
	Date-Modified = {2017-01-17 20:46:43 +0000},
	Publisher = {Cornell University Press},
	Title = {Scaling Concepts in Polymer Physics},
	Year = {1979}}

@article{Colding:RWbio:2008,
	Author = {Colding, E.A. and others},
	Date-Added = {2017-01-17 20:35:46 +0000},
	Date-Modified = {2017-01-19 02:15:04 +0000},
	Journal = {Journal of the Royal Society Interface},
	Title = {Random walk models in biology},
	Year = {2008}}

@article{Skellam:Population:1951,
	Author = {Skellam, J. G.},
	Date-Added = {2017-01-17 20:30:22 +0000},
	Date-Modified = {2017-01-17 20:30:57 +0000},
	Journal = {Biometrika},
	Number = {1/2},
	Title = {Random Dispersal in Theoretical Populations},
	Volume = {38},
	Year = {1951}}

@article{Bachelier:Speculation:1900,
	Author = {Bachelier, L},
	Date-Added = {2017-01-17 20:22:43 +0000},
	Date-Modified = {2017-01-17 20:23:52 +0000},
	Journal = {Annales Scientifiques de l'{\'E}cole Normale Sup{\'e}rieure},
	Number = {17},
	Pages = {21-86},
	Title = {Th{\'e}orie de la sp{\'e}culation},
	Volume = {3},
	Year = {1900}}

@article{Perrin:Brownian:1909,
	Author = {Perrin, J.},
	Date-Added = {2017-01-17 19:43:32 +0000},
	Date-Modified = {2017-01-17 19:43:42 +0000},
	Journal = {Ann. Chim. Phys.,},
	Number = {8},
	Pages = {5--114},
	Title = {Mouvement brownien et r{\'e}alit{\'e} mol{\'e}culaire},
	Volume = {18},
	Year = {1909}}

@article{Einstein:Brownian:1905,
	Author = {Einstein, A.},
	Date-Added = {2017-01-17 19:31:07 +0000},
	Date-Modified = {2017-01-17 19:31:20 +0000},
	Journal = {Annalen der Physik},
	Number = {8},
	Pages = {549--560},
	Title = {{\"U}ber die von der molekularkinetischen Theorie der W{\"a}rme geforderte Bewegung von in ruhenden Fl{\"u}ssigkeiten suspendierten Teilchen},
	Volume = {322},
	Year = {1905}}

@article{Brown:Motion:1828,
	Author = {Brown, Robert},
	Date-Added = {2017-01-17 19:19:59 +0000},
	Date-Modified = {2017-01-17 19:24:02 +0000},
	Journal = {Phil. Mag.},
	Pages = {161--173},
	Title = {A brief account of microscopical observations made in the months of June, July and August, 1827, on the particles contained in the pollen of plants; and on the general existence of active molecules in organic and inorganic bodies.},
	Volume = {4},
	Year = {1828}}

@article{sbalzarini2005feature,
  title={Feature point tracking and trajectory analysis for video imaging in cell biology},
  author={Sbalzarini, Ivo F and Koumoutsakos, Petros},
  journal={Journal of structural biology},
  volume={151},
  number={2},
  pages={182--195},
  year={2005},
  publisher={Elsevier}
}

@article{chenouard2014objective,
  title={Objective comparison of particle tracking methods},
  author={Chenouard, Nicolas and Smal, Ihor and De Chaumont, Fabrice and Ma{\v{s}}ka, Martin and Sbalzarini, Ivo F and Gong, Yuanhao and Cardinale, Janick and Carthel, Craig and Coraluppi, Stefano and Winter, Mark and others},
  journal={Nature methods},
  volume={11},
  number={3},
  pages={281},
  year={2014},
  publisher={Nature Publishing Group}
}

@article{leocmach2013novel,
  title={A novel particle tracking method with individual particle size measurement and its application to ordering in glassy hard sphere colloids},
  author={Leocmach, Mathieu and Tanaka, Hajime},
  journal={Soft Matter},
  volume={9},
  number={5},
  pages={1447--1457},
  year={2013},
  publisher={Royal Society of Chemistry}
}

@article{liu2013fast,
  title={Fast and high-accuracy localization for three-dimensional single-particle tracking},
  author={Liu, Shu-Lin and Li, Jicun and Zhang, Zhi-Ling and Wang, Zhi-Gang and Tian, Zhi-Quan and Wang, Guo-Ping and Pang, Dai-Wen},
  journal={Scientific reports},
  volume={3},
  pages={2462},
  year={2013},
  publisher={Nature Publishing Group}
}

@article{wang1993mechanotransduction,
  title={Mechanotransduction across the cell surface and through the cytoskeleton},
  author={Wang, Ning and Butler, James P and Ingber, Donald E},
  journal={Science},
  volume={260},
  number={5111},
  pages={1124--1127},
  year={1993},
  publisher={American Association for the Advancement of Science}
}

@inproceedings{puybareau2017morphological,
  title={Morphological analysis of brownian motion for physical measurements},
  author={Puybareau, {\'E}lodie and Talbot, Hugues and Gaber, Noha and Bourouina, Tarik},
  booktitle={International Symposium on Mathematical Morphology and Its Applications to Signal and Image Processing},
  pages={486--497},
  year={2017},
  organization={Springer}
}

@inproceedings{puybareau2017morphologicalposter,
  title={Morphological analysis of brownian motion for physical measurements},
  author={Puybareau, {\'E}lodie and Talbot, Hugues and Gaber, Noha and Bourouina, Tarik},
  booktitle={ISMM 2017},
}

@article{gander1994least,
  title={Least-squares fitting of circles and ellipses},
  author={Gander, Walter and Golub, Gene H and Strebel, Rolf},
  journal={BIT Numerical Mathematics},
  volume={34},
  number={4},
  pages={558--578},
  year={1994},
  publisher={Springer}
}

@article{fitzgibbon1999direct,
  title={Direct least square fitting of ellipses},
  author={Fitzgibbon, Andrew and Pilu, Maurizio and Fisher, Robert B},
  journal={IEEE Transactions on pattern analysis and machine intelligence},
  volume={21},
  number={5},
  pages={476--480},
  year={1999},
  publisher={IEEE}
}

@article{hu1962visual,
  title={Visual pattern recognition by moment invariants},
  author={Hu, Ming-Kuei},
  journal={IRE transactions on information theory},
  volume={8},
  number={2},
  pages={179--187},
  year={1962},
  publisher={IEEE}
}

@book{boyd2004convex,
  title={Convex optimization},
  author={Boyd, Stephen and Vandenberghe, Lieven},
  year={2004},
  publisher={Cambridge university press}
}

@article{tao2005dc,
  title={The DC (difference of convex functions) programming and DCA revisited with DC models of real world nonconvex optimization problems},
  author={Tao, Pham Dinh and others},
  journal={Annals of operations research},
  volume={133},
  number={1-4},
  pages={23--46},
  year={2005},
  publisher={Springer}
}

@article{benfenati2019efficient,
  title={Efficient segmentation and positioning of 3D fluorescent spherical beads in confocal microscopy},
  author={Benfenati, Alessandro and Bonacci, Francesco and Bourouina, Tarik and Talbot, Hugues},
  year={2019}
}